<record><leader>00000cas a2200000 a 4500</leader><controlfield tag="001">11239550</controlfield><controlfield tag="008">841008d18771884ksuwr ne      0   a0eng d</controlfield><datafield ind1=" " ind2=" " tag="010"><subfield code="a">sn 84029851 </subfield></datafield><datafield ind1=" " ind2=" " tag="040"><subfield code="a">KSH</subfield><subfield code="b">eng</subfield><subfield code="c">KSH</subfield><subfield code="d">NPT</subfield><subfield code="d">OCL</subfield><subfield code="d">OCLCQ</subfield></datafield><datafield ind1=" " ind2=" " tag="042"><subfield code="a">msc</subfield></datafield><datafield ind1="0" ind2="0" tag="245"><subfield code="a">Ford County globe.</subfield></datafield><datafield ind1=" " ind2=" " tag="260"><subfield code="a">Dodge City, Kan. :</subfield><subfield code="b">D.M. Frost &amp; W.N. Morphy,</subfield><subfield code="c">1877-1884.</subfield></datafield><datafield ind1=" " ind2=" " tag="300"><subfield code="a">7 v. :</subfield><subfield code="b">ill. (chiefly advertisements) ;</subfield><subfield code="c">53-58 cm.</subfield></datafield><datafield ind1=" " ind2=" " tag="310"><subfield code="a">Weekly</subfield></datafield><datafield ind1="0" ind2=" " tag="362"><subfield code="a">Vol. 1, no. 1 (Dec. 25, 1877)-v. 7, no. 28 (July 8, 1884).</subfield></datafield><datafield ind1=" " ind2=" " tag="500"><subfield code="a">Published by: D.M. Frost, Oct. 1, 1878-Jan. 1, 1879; Frost &amp; Shinn, Jan. 7, 1879-July 11, 1882; D.M. Frost, July 18, 1882-July 8, 1884.</subfield></datafield><datafield ind1=" " ind2=" " tag="500"><subfield code="a">"Independent."</subfield></datafield><datafield ind1=" " ind2=" " tag="515"><subfield code="a">Issued daily during the annual Stockman's Convention.</subfield></datafield><datafield ind1=" " ind2=" " tag="515"><subfield code="a">Issues for Dec. 25, 1877 and Jan. 1, 1878 both numbered v. 1, no. 1.</subfield></datafield><datafield ind1=" " ind2=" " tag="525"><subfield code="a">Has occasional supplements; June 25, 1878 issue has supplement called: "The Land Seeker."</subfield></datafield><datafield ind1=" " ind2=" " tag="752"><subfield code="a">United States</subfield><subfield code="b">Kansas</subfield><subfield code="c">Ford</subfield><subfield code="d">Dodge City.</subfield></datafield><datafield ind1="0" ind2="0" tag="785"><subfield code="t">Globe live stock journal</subfield><subfield code="w">(DLC)sn 84029852</subfield></datafield></record>